
  <record>
    <leader>01000aam  22002601a 4500</leader>
    <controlfield tag="001">YPZ13852</controlfield>
    <controlfield tag="003">YPZ</controlfield>
    <controlfield tag="005">200608161306340</controlfield>
    <controlfield tag="008">060816|###########||||||b||||||||||spa|d</controlfield>
    <datafield tag="020" ind1=" " ind2=" ">
      <subfield code="a">9682303761</subfield>
    </datafield>
    <datafield tag="040" ind1=" " ind2=" ">
      <subfield code="c">SIUNPA</subfield>
    </datafield>
    <datafield tag="041" ind1=" " ind2=" ">
      <subfield code="a">spa</subfield>
    </datafield>
    <datafield tag="044" ind1=" " ind2=" ">
      <subfield code="a">MX</subfield>
    </datafield>
    <datafield tag="080" ind1=" " ind2=" ">
      <subfield code="a">982 H195r3</subfield>
    </datafield>
    <datafield tag="100" ind1=" " ind2=" ">
      <subfield code="a">Halperín Donghi Tulio.</subfield>
    </datafield>
    <datafield tag="245" ind1=" " ind2=" ">
      <subfield code="a">Revolución y guerra, formación de una élite dirigente en la argentina criolla</subfield>
      <subfield code="b"> : formación de una élite dirigente en la argentina criolla</subfield>
    </datafield>
    <datafield tag="250" ind1=" " ind2=" ">
      <subfield code="a">3a. ed</subfield>
    </datafield>
    <datafield tag="260" ind1=" " ind2=" ">
      <subfield code="a">México, D.F.</subfield>
      <subfield code="b"> : Siglo Veintiuno</subfield>
      <subfield code="c"> , 1994</subfield>
    </datafield>
    <datafield tag="300" ind1=" " ind2=" ">
      <subfield code="a">404 p. : </subfield>
    </datafield>
    <datafield tag="440" ind1=" " ind2=" ">
      <subfield code="a">Sheffield analytical chemistry</subfield>
      <subfield code="a">EDN series for design engineers</subfield>
      <subfield code="a">Colección cuentos del pajarito remendado</subfield>
      <subfield code="a">Colección cuentos del pajarito remendado</subfield>
      <subfield code="a">Colección cuentos del pajarito remendado</subfield>
      <subfield code="a">Colección papelitos del pajarito remendado</subfield>
      <subfield code="a">Colección cuentos del pajarito remendado</subfield>
      <subfield code="a">Colección cuentos del pajarito remendado</subfield>
      <subfield code="a">Colección cuentos del pajarito remendado</subfield>
      <subfield code="a">Colección teorema</subfield>
      <subfield code="a">Colección América nuestra</subfield>
      <subfield code="v">23</subfield>
    </datafield>
    <datafield tag="490" ind1=" " ind2=" ">
      <subfield code="a">Sheffield analytical chemistry</subfield>
      <subfield code="a">EDN series for design engineers</subfield>
      <subfield code="a">Colección cuentos del pajarito remendado</subfield>
      <subfield code="a">Colección cuentos del pajarito remendado</subfield>
      <subfield code="a">Colección cuentos del pajarito remendado</subfield>
      <subfield code="a">Colección papelitos del pajarito remendado</subfield>
      <subfield code="a">Colección cuentos del pajarito remendado</subfield>
      <subfield code="a">Colección cuentos del pajarito remendado</subfield>
      <subfield code="a">Colección cuentos del pajarito remendado</subfield>
      <subfield code="a">Colección teorema</subfield>
      <subfield code="a">Colección América nuestra</subfield>
      <subfield code="v">23</subfield>
    </datafield>
    <datafield tag="440" ind1=" " ind2=" ">
      <subfield code="v">23</subfield>
    </datafield>
    <datafield tag="490" ind1=" " ind2=" ">
      <subfield code="v">23</subfield>
    </datafield>
    <datafield tag="650" ind1=" " ind2=" ">
      <subfield code="a">HISTORIA ARGENTINA</subfield>
    </datafield>
    <datafield tag="650" ind1=" " ind2=" ">
      <subfield code="a">HISTORIA POLITICA</subfield>
    </datafield>
    <datafield tag="650" ind1=" " ind2=" ">
      <subfield code="a">ELITE DIRIGENTE</subfield>
    </datafield>
    <datafield tag="942" ind1=" " ind2=" ">
      <subfield code="c">BK</subfield>
    </datafield>
    <datafield tag="952" ind1=" " ind2=" ">
      <subfield code="a">BIB_RECT</subfield>
      <subfield code="b">BIB_UARG</subfield>
      <subfield code="d">2006-08-28</subfield>
      <subfield code="y">BK</subfield>
      <subfield code="p">05-14986</subfield>
      <subfield code="i">05-14986</subfield>
      <subfield code="g"/>
      <subfield code="o">982 H195r3</subfield>
      <subfield code="e">PRESIUNPA/01</subfield>
      <subfield code="8">CG</subfield>
    </datafield>
  </record>