
  <record>
    <leader>01000aam  22002601a 4500</leader>
    <controlfield tag="001">YPZ14151</controlfield>
    <controlfield tag="003">YPZ</controlfield>
    <controlfield tag="005">200608161306340</controlfield>
    <controlfield tag="008">060816|###########||||||b||||||||||spa|d</controlfield>
    <datafield tag="020" ind1=" " ind2=" ">
      <subfield code="a">8433913972</subfield>
    </datafield>
    <datafield tag="040" ind1=" " ind2=" ">
      <subfield code="c">SIUNPA</subfield>
    </datafield>
    <datafield tag="041" ind1=" " ind2=" ">
      <subfield code="a">spa</subfield>
    </datafield>
    <datafield tag="044" ind1=" " ind2=" ">
      <subfield code="a">ES</subfield>
    </datafield>
    <datafield tag="080" ind1=" " ind2=" ">
      <subfield code="a">82.0 B769r</subfield>
    </datafield>
    <datafield tag="100" ind1=" " ind2=" ">
      <subfield code="a">Bourdieu Pierre.</subfield>
    </datafield>
    <datafield tag="245" ind1=" " ind2=" ">
      <subfield code="a">Las reglas del arte, génesis y estructura del campo literario</subfield>
      <subfield code="b"> : génesis y estructura del campo literario</subfield>
      <subfield code="c"> / traducción de; Kauf. Thomas</subfield>
    </datafield>
    <datafield tag="260" ind1=" " ind2=" ">
      <subfield code="a">Barcelona</subfield>
      <subfield code="b"> : Anagrama</subfield>
      <subfield code="c"> , c1995</subfield>
    </datafield>
    <datafield tag="300" ind1=" " ind2=" ">
      <subfield code="a">514 p. : </subfield>
    </datafield>
    <datafield tag="440" ind1=" " ind2=" ">
      <subfield code="a">Pensamiento</subfield>
      <subfield code="a">Temas política</subfield>
      <subfield code="a">Serie Eureka</subfield>
      <subfield code="a">Colección respuestas educativas</subfield>
      <subfield code="a">Herramientas de aprendizaje</subfield>
      <subfield code="a">Letras e ideas. Instrumenta</subfield>
      <subfield code="a">Schaum</subfield>
      <subfield code="a">Biblioteca técnica de psicología</subfield>
      <subfield code="a">Serie Eureka</subfield>
      <subfield code="a">Colección manuales</subfield>
      <subfield code="a">Colección argumentos</subfield>
      <subfield code="v">167</subfield>
    </datafield>
    <datafield tag="490" ind1=" " ind2=" ">
      <subfield code="a">Pensamiento</subfield>
      <subfield code="a">Temas política</subfield>
      <subfield code="a">Serie Eureka</subfield>
      <subfield code="a">Colección respuestas educativas</subfield>
      <subfield code="a">Herramientas de aprendizaje</subfield>
      <subfield code="a">Letras e ideas. Instrumenta</subfield>
      <subfield code="a">Schaum</subfield>
      <subfield code="a">Biblioteca técnica de psicología</subfield>
      <subfield code="a">Serie Eureka</subfield>
      <subfield code="a">Colección manuales</subfield>
      <subfield code="a">Colección argumentos</subfield>
      <subfield code="v">167</subfield>
    </datafield>
    <datafield tag="440" ind1=" " ind2=" ">
      <subfield code="v">167</subfield>
    </datafield>
    <datafield tag="490" ind1=" " ind2=" ">
      <subfield code="v">167</subfield>
    </datafield>
    <datafield tag="650" ind1=" " ind2=" ">
      <subfield code="a">LITERATURA</subfield>
    </datafield>
    <datafield tag="650" ind1=" " ind2=" ">
      <subfield code="a">FILOSOFIA</subfield>
    </datafield>
    <datafield tag="650" ind1=" " ind2=" ">
      <subfield code="a">ARTES</subfield>
    </datafield>
    <datafield tag="650" ind1=" " ind2=" ">
      <subfield code="a">ESTETICA</subfield>
    </datafield>
    <datafield tag="942" ind1=" " ind2=" ">
      <subfield code="c">BK</subfield>
    </datafield>
    <datafield tag="952" ind1=" " ind2=" ">
      <subfield code="a">BIB_RECT</subfield>
      <subfield code="b">BIB_UARG</subfield>
      <subfield code="d">2006-08-28</subfield>
      <subfield code="y">BK</subfield>
      <subfield code="p">05-11358</subfield>
      <subfield code="i">05-11358</subfield>
      <subfield code="g"/>
      <subfield code="o">82.0 B769r</subfield>
      <subfield code="e">FOMEC 578</subfield>
      <subfield code="8">CG</subfield>
    </datafield>
  </record>