
  <record>
    <leader>01000aam  22002601a 4500</leader>
    <controlfield tag="001">YPZ14357</controlfield>
    <controlfield tag="003">YPZ</controlfield>
    <controlfield tag="005">200608161306350</controlfield>
    <controlfield tag="008">060816|###########||||||b||||||||||spa|d</controlfield>
    <datafield tag="020" ind1=" " ind2=" ">
      <subfield code="a">8402079636</subfield>
    </datafield>
    <datafield tag="040" ind1=" " ind2=" ">
      <subfield code="c">SIUNPA</subfield>
    </datafield>
    <datafield tag="041" ind1=" " ind2=" ">
      <subfield code="a">spa</subfield>
    </datafield>
    <datafield tag="044" ind1=" " ind2=" ">
      <subfield code="a">ES</subfield>
    </datafield>
    <datafield tag="080" ind1=" " ind2=" ">
      <subfield code="a">82(450) C168n</subfield>
    </datafield>
    <datafield tag="100" ind1=" " ind2=" ">
      <subfield code="a">Calvino Italo.</subfield>
    </datafield>
    <datafield tag="245" ind1=" " ind2=" ">
      <subfield code="a">La nube de smog</subfield>
    </datafield>
    <datafield tag="250" ind1=" " ind2=" ">
      <subfield code="a">1a. ed</subfield>
    </datafield>
    <datafield tag="260" ind1=" " ind2=" ">
      <subfield code="a">Barcelona</subfield>
      <subfield code="b"> : Bruguera</subfield>
      <subfield code="c"> , c1981</subfield>
    </datafield>
    <datafield tag="300" ind1=" " ind2=" ">
      <subfield code="a">157 p. : </subfield>
    </datafield>
    <datafield tag="440" ind1=" " ind2=" ">
      <subfield code="a">Bruguera. Libro amigo</subfield>
      <subfield code="v">816</subfield>
    </datafield>
    <datafield tag="490" ind1=" " ind2=" ">
      <subfield code="a">Bruguera. Libro amigo</subfield>
      <subfield code="v">816</subfield>
    </datafield>
    <datafield tag="440" ind1=" " ind2=" ">
      <subfield code="v">816</subfield>
    </datafield>
    <datafield tag="490" ind1=" " ind2=" ">
      <subfield code="v">816</subfield>
    </datafield>
    <datafield tag="650" ind1=" " ind2=" ">
      <subfield code="a">LITERATURA ITALIANA</subfield>
    </datafield>
    <datafield tag="650" ind1=" " ind2=" ">
      <subfield code="a">NOVELA</subfield>
    </datafield>
    <datafield tag="942" ind1=" " ind2=" ">
      <subfield code="c">BK</subfield>
    </datafield>
    <datafield tag="952" ind1=" " ind2=" ">
      <subfield code="a">BIB_RECT</subfield>
      <subfield code="b">BIB_UARG</subfield>
      <subfield code="d">2006-08-28</subfield>
      <subfield code="y">BK</subfield>
      <subfield code="p">05-16453</subfield>
      <subfield code="i">05-16453</subfield>
      <subfield code="g"/>
      <subfield code="o">82(450) C168n</subfield>
      <subfield code="e">FOMEC 578</subfield>
      <subfield code="8">CG</subfield>
    </datafield>
  </record>