
  <record>
    <leader>01000aam  22002601a 4500</leader>
    <controlfield tag="001">YPZ14390</controlfield>
    <controlfield tag="003">YPZ</controlfield>
    <controlfield tag="005">200608161306350</controlfield>
    <controlfield tag="008">060816|###########||||||b||||||||||spa|d</controlfield>
    <datafield tag="020" ind1=" " ind2=" ">
      <subfield code="a">8486214610</subfield>
    </datafield>
    <datafield tag="040" ind1=" " ind2=" ">
      <subfield code="c">SIUNPA</subfield>
    </datafield>
    <datafield tag="041" ind1=" " ind2=" ">
      <subfield code="a">spa</subfield>
    </datafield>
    <datafield tag="044" ind1=" " ind2=" ">
      <subfield code="a">ES</subfield>
    </datafield>
    <datafield tag="080" ind1=" " ind2=" ">
      <subfield code="a">82(729.1).09 B739c</subfield>
    </datafield>
    <datafield tag="100" ind1=" " ind2=" ">
      <subfield code="a">Bortolussi Marisa.</subfield>
    </datafield>
    <datafield tag="245" ind1=" " ind2=" ">
      <subfield code="a">El cuento infantil cubano, un estudio crítico</subfield>
      <subfield code="b"> : un estudio crítico</subfield>
    </datafield>
    <datafield tag="260" ind1=" " ind2=" ">
      <subfield code="a">Madrid</subfield>
      <subfield code="b"> : Pliegos</subfield>
      <subfield code="c"> , 1990</subfield>
    </datafield>
    <datafield tag="300" ind1=" " ind2=" ">
      <subfield code="a">153 p. : </subfield>
    </datafield>
    <datafield tag="440" ind1=" " ind2=" ">
      <subfield code="a">Colección Pan flauta</subfield>
      <subfield code="a">Libros del quirquincho. La ratona cuentacuentos</subfield>
      <subfield code="a">Libros del malabarista</subfield>
      <subfield code="a">Libros del malabarista</subfield>
      <subfield code="a">Biblioteca María Elena Walsh</subfield>
      <subfield code="a">Colección Pan flauta</subfield>
      <subfield code="a">Biblioteca Calvino</subfield>
      <subfield code="a">Colihue Universidad. Filosofía</subfield>
      <subfield code="a">Relatos</subfield>
      <subfield code="a">El pasado legendario</subfield>
      <subfield code="a">Pliegos de ensayo</subfield>
      <subfield code="v">53</subfield>
    </datafield>
    <datafield tag="490" ind1=" " ind2=" ">
      <subfield code="a">Colección Pan flauta</subfield>
      <subfield code="a">Libros del quirquincho. La ratona cuentacuentos</subfield>
      <subfield code="a">Libros del malabarista</subfield>
      <subfield code="a">Libros del malabarista</subfield>
      <subfield code="a">Biblioteca María Elena Walsh</subfield>
      <subfield code="a">Colección Pan flauta</subfield>
      <subfield code="a">Biblioteca Calvino</subfield>
      <subfield code="a">Colihue Universidad. Filosofía</subfield>
      <subfield code="a">Relatos</subfield>
      <subfield code="a">El pasado legendario</subfield>
      <subfield code="a">Pliegos de ensayo</subfield>
      <subfield code="v">53</subfield>
    </datafield>
    <datafield tag="440" ind1=" " ind2=" ">
      <subfield code="v">53</subfield>
    </datafield>
    <datafield tag="490" ind1=" " ind2=" ">
      <subfield code="v">53</subfield>
    </datafield>
    <datafield tag="650" ind1=" " ind2=" ">
      <subfield code="a">LITERATURA CUBANA</subfield>
    </datafield>
    <datafield tag="650" ind1=" " ind2=" ">
      <subfield code="a">CUENTO</subfield>
    </datafield>
    <datafield tag="650" ind1=" " ind2=" ">
      <subfield code="a">LITERATURA INFANTIL</subfield>
    </datafield>
    <datafield tag="650" ind1=" " ind2=" ">
      <subfield code="a">CRITICA E INTERPRETACION</subfield>
    </datafield>
    <datafield tag="942" ind1=" " ind2=" ">
      <subfield code="c">BK</subfield>
    </datafield>
    <datafield tag="952" ind1=" " ind2=" ">
      <subfield code="a">BIB_RECT</subfield>
      <subfield code="b">BIB_UARG</subfield>
      <subfield code="d">2006-08-28</subfield>
      <subfield code="y">BK</subfield>
      <subfield code="p">05-16519</subfield>
      <subfield code="i">05-16519</subfield>
      <subfield code="g"/>
      <subfield code="o">82(729.1).09 B739c</subfield>
      <subfield code="e">PIUARG-29/A015</subfield>
      <subfield code="8">CG</subfield>
    </datafield>
  </record>