
  <record>
    <leader>01000aam  22002601a 4500</leader>
    <controlfield tag="001">YPZ14422</controlfield>
    <controlfield tag="003">YPZ</controlfield>
    <controlfield tag="005">200608161306350</controlfield>
    <controlfield tag="008">060816|###########||||||b||||||||||spa|d</controlfield>
    <datafield tag="020" ind1=" " ind2=" ">
      <subfield code="a">9681658582</subfield>
    </datafield>
    <datafield tag="040" ind1=" " ind2=" ">
      <subfield code="c">SIUNPA</subfield>
    </datafield>
    <datafield tag="041" ind1=" " ind2=" ">
      <subfield code="a">spa</subfield>
    </datafield>
    <datafield tag="044" ind1=" " ind2=" ">
      <subfield code="a">MX</subfield>
    </datafield>
    <datafield tag="080" ind1=" " ind2=" ">
      <subfield code="a">330.342 F992c</subfield>
    </datafield>
    <datafield tag="100" ind1=" " ind2=" ">
      <subfield code="a">Furtado Celso.</subfield>
    </datafield>
    <datafield tag="245" ind1=" " ind2=" ">
      <subfield code="a">El capitalismo global</subfield>
      <subfield code="c"> / traducción de; Navarrete. Jorge Eduardo</subfield>
    </datafield>
    <datafield tag="250" ind1=" " ind2=" ">
      <subfield code="a">1a. edición en español</subfield>
    </datafield>
    <datafield tag="260" ind1=" " ind2=" ">
      <subfield code="a">México, D.F.</subfield>
      <subfield code="b"> : Fondo de Cultura Económica</subfield>
      <subfield code="c"> , c1999</subfield>
    </datafield>
    <datafield tag="300" ind1=" " ind2=" ">
      <subfield code="a">106 p. : </subfield>
    </datafield>
    <datafield tag="440" ind1=" " ind2=" ">
      <subfield code="a">Colección estructuras y procesos. Serie 1ø de Mayo</subfield>
      <subfield code="a">Biblioteca de psicología</subfield>
      <subfield code="a">Sección de obras de administración pública. Serie nuevas lecturas de política y gobierno</subfield>
      <subfield code="a">Colección política</subfield>
      <subfield code="a">Grupo ciencias sociales. Economía</subfield>
      <subfield code="a">Colección popular</subfield>
      <subfield code="v">CP 559</subfield>
    </datafield>
    <datafield tag="490" ind1=" " ind2=" ">
      <subfield code="a">Colección estructuras y procesos. Serie 1ø de Mayo</subfield>
      <subfield code="a">Biblioteca de psicología</subfield>
      <subfield code="a">Sección de obras de administración pública. Serie nuevas lecturas de política y gobierno</subfield>
      <subfield code="a">Colección política</subfield>
      <subfield code="a">Grupo ciencias sociales. Economía</subfield>
      <subfield code="a">Colección popular</subfield>
      <subfield code="v">CP 559</subfield>
    </datafield>
    <datafield tag="440" ind1=" " ind2=" ">
      <subfield code="v">CP 559</subfield>
    </datafield>
    <datafield tag="490" ind1=" " ind2=" ">
      <subfield code="v">CP 559</subfield>
    </datafield>
    <datafield tag="650" ind1=" " ind2=" ">
      <subfield code="a">CAPITALISMO</subfield>
    </datafield>
    <datafield tag="650" ind1=" " ind2=" ">
      <subfield code="a">GLOBALIZACION</subfield>
    </datafield>
    <datafield tag="942" ind1=" " ind2=" ">
      <subfield code="c">BK</subfield>
    </datafield>
    <datafield tag="952" ind1=" " ind2=" ">
      <subfield code="a">BIB_RECT</subfield>
      <subfield code="b">BIB_UARG</subfield>
      <subfield code="d">2006-08-28</subfield>
      <subfield code="y">BK</subfield>
      <subfield code="p">05-16596</subfield>
      <subfield code="i">05-16596</subfield>
      <subfield code="g"/>
      <subfield code="o">330.342 F992c</subfield>
      <subfield code="e">PIUARG 29-AO66</subfield>
      <subfield code="8">CG</subfield>
    </datafield>
  </record>