
  <record>
    <leader>01000aam  22002601a 4500</leader>
    <controlfield tag="001">YPZ14529</controlfield>
    <controlfield tag="003">YPZ</controlfield>
    <controlfield tag="005">200608161306350</controlfield>
    <controlfield tag="008">060816|###########||||||b||||||||||spa|d</controlfield>
    <datafield tag="020" ind1=" " ind2=" ">
      <subfield code="a">9500650207</subfield>
    </datafield>
    <datafield tag="040" ind1=" " ind2=" ">
      <subfield code="c">SIUNPA</subfield>
    </datafield>
    <datafield tag="041" ind1=" " ind2=" ">
      <subfield code="a">spa</subfield>
    </datafield>
    <datafield tag="044" ind1=" " ind2=" ">
      <subfield code="a">AR</subfield>
    </datafield>
    <datafield tag="080" ind1=" " ind2=" ">
      <subfield code="a">82-93 C319a</subfield>
    </datafield>
    <datafield tag="100" ind1=" " ind2=" ">
      <subfield code="a">Carroll, Lewis.</subfield>
    </datafield>
    <datafield tag="245" ind1=" " ind2=" ">
      <subfield code="a">Alicia en el país de las maravillas</subfield>
    </datafield>
    <datafield tag="250" ind1=" " ind2=" ">
      <subfield code="a">2a ed.</subfield>
    </datafield>
    <datafield tag="260" ind1=" " ind2=" ">
      <subfield code="a">Buenos Aires</subfield>
      <subfield code="b"> : Acme</subfield>
      <subfield code="c"> , c1988</subfield>
    </datafield>
    <datafield tag="440" ind1=" " ind2=" ">
      <subfield code="a">Colección el pajarito remendado</subfield>
      <subfield code="a">Libros del monigote</subfield>
      <subfield code="a">Los caballeros de la mesa redonda</subfield>
      <subfield code="a">Colección pan flauta</subfield>
      <subfield code="a">Libros de bolsillo</subfield>
      <subfield code="a">Mitología griega</subfield>
      <subfield code="a">Colección el pajarito remendado</subfield>
      <subfield code="a">Colección el pajarito remendado</subfield>
      <subfield code="a">Colección el pajarito remendado</subfield>
      <subfield code="a">Colección Robin Hood</subfield>
      <subfield code="v">20</subfield>
    </datafield>
    <datafield tag="490" ind1=" " ind2=" ">
      <subfield code="a">Colección el pajarito remendado</subfield>
      <subfield code="a">Libros del monigote</subfield>
      <subfield code="a">Los caballeros de la mesa redonda</subfield>
      <subfield code="a">Colección pan flauta</subfield>
      <subfield code="a">Libros de bolsillo</subfield>
      <subfield code="a">Mitología griega</subfield>
      <subfield code="a">Colección el pajarito remendado</subfield>
      <subfield code="a">Colección el pajarito remendado</subfield>
      <subfield code="a">Colección el pajarito remendado</subfield>
      <subfield code="a">Colección Robin Hood</subfield>
      <subfield code="v">20</subfield>
    </datafield>
    <datafield tag="650" ind1=" " ind2=" ">
      <subfield code="a"> LITERATURA INFANTIL  NOVELA</subfield>
    </datafield>
    <datafield tag="942" ind1=" " ind2=" ">
      <subfield code="c">BK</subfield>
    </datafield>
    <datafield tag="952" ind1=" " ind2=" ">
      <subfield code="a">BIB_RECT</subfield>
      <subfield code="b">BIB_UARG</subfield>
      <subfield code="d">2006-08-28</subfield>
      <subfield code="y">BK</subfield>
      <subfield code="p">05-16769</subfield>
      <subfield code="i">05-16769</subfield>
      <subfield code="g"/>
      <subfield code="o">82-93 C319a</subfield>
      <subfield code="e">PIUARG-A29/O15</subfield>
      <subfield code="8">CG</subfield>
    </datafield>
  </record>