
  <record>
    <leader>01000aam  22002601a 4500</leader>
    <controlfield tag="001">YPZ14584</controlfield>
    <controlfield tag="003">YPZ</controlfield>
    <controlfield tag="005">200608161306350</controlfield>
    <controlfield tag="008">060816|###########||||||b||||||||||spa|d</controlfield>
    <datafield tag="020" ind1=" " ind2=" ">
      <subfield code="a">9509953849</subfield>
    </datafield>
    <datafield tag="040" ind1=" " ind2=" ">
      <subfield code="c">SIUNPA</subfield>
    </datafield>
    <datafield tag="041" ind1=" " ind2=" ">
      <subfield code="a">spa</subfield>
    </datafield>
    <datafield tag="044" ind1=" " ind2=" ">
      <subfield code="a">AR</subfield>
    </datafield>
    <datafield tag="080" ind1=" " ind2=" ">
      <subfield code="a">910.26 S238h</subfield>
    </datafield>
    <datafield tag="100" ind1=" " ind2=" ">
      <subfield code="a">Sanz Luis Santiago.</subfield>
    </datafield>
    <datafield tag="245" ind1=" " ind2=" ">
      <subfield code="a">El hito de San Francisco, una marca conflictiva</subfield>
      <subfield code="b"> : una marca conflictiva</subfield>
    </datafield>
    <datafield tag="260" ind1=" " ind2=" ">
      <subfield code="a">Buenos Aires</subfield>
      <subfield code="b"> : Academia Nacional de Geografía</subfield>
      <subfield code="c"> , 1999</subfield>
    </datafield>
    <datafield tag="300" ind1=" " ind2=" ">
      <subfield code="a">54 p. : </subfield>
      <subfield code="b">il. ; </subfield>
    </datafield>
    <datafield tag="440" ind1=" " ind2=" ">
      <subfield code="a">Lingüística y teoría literaria</subfield>
      <subfield code="a">Publicación especial</subfield>
      <subfield code="v">nø 12</subfield>
    </datafield>
    <datafield tag="490" ind1=" " ind2=" ">
      <subfield code="a">Lingüística y teoría literaria</subfield>
      <subfield code="a">Publicación especial</subfield>
      <subfield code="v">nø 12</subfield>
    </datafield>
    <datafield tag="440" ind1=" " ind2=" ">
      <subfield code="v">nø 12</subfield>
    </datafield>
    <datafield tag="490" ind1=" " ind2=" ">
      <subfield code="v">nø 12</subfield>
    </datafield>
    <datafield tag="650" ind1=" " ind2=" ">
      <subfield code="a">GEOGRAFIA</subfield>
    </datafield>
    <datafield tag="650" ind1=" " ind2=" ">
      <subfield code="a">ARGENTINA</subfield>
    </datafield>
    <datafield tag="650" ind1=" " ind2=" ">
      <subfield code="a">DIFERENDO LIMITROFE</subfield>
    </datafield>
    <datafield tag="650" ind1=" " ind2=" ">
      <subfield code="a">LIMITES</subfield>
    </datafield>
    <datafield tag="650" ind1=" " ind2=" ">
      <subfield code="a">PROBLEMAS DE LIMITE</subfield>
    </datafield>
    <datafield tag="650" ind1=" " ind2=" ">
      <subfield code="a">PATAGONIA</subfield>
    </datafield>
    <datafield tag="942" ind1=" " ind2=" ">
      <subfield code="c">BK</subfield>
    </datafield>
    <datafield tag="952" ind1=" " ind2=" ">
      <subfield code="a">BIB_RECT</subfield>
      <subfield code="b">BIB_UARG</subfield>
      <subfield code="d">2006-08-28</subfield>
      <subfield code="y">BK</subfield>
      <subfield code="p">05-16823</subfield>
      <subfield code="i">05-16823</subfield>
      <subfield code="g"/>
      <subfield code="o">910.26 S238h</subfield>
      <subfield code="e">ESTIGARRIBIA, ILSE/02</subfield>
      <subfield code="8">CG</subfield>
    </datafield>
  </record>