
  <record>
    <leader>01000aam  22002601a 4500</leader>
    <controlfield tag="001">YPZ14686</controlfield>
    <controlfield tag="003">YPZ</controlfield>
    <controlfield tag="005">200608161306350</controlfield>
    <controlfield tag="008">060816|###########||||||b||||||||||spa|d</controlfield>
    <datafield tag="040" ind1=" " ind2=" ">
      <subfield code="c">SIUNPA</subfield>
    </datafield>
    <datafield tag="044" ind1=" " ind2=" ">
      <subfield code="a">AR</subfield>
    </datafield>
    <datafield tag="080" ind1=" " ind2=" ">
      <subfield code="a">F82(37) S475c</subfield>
    </datafield>
    <datafield tag="100" ind1=" " ind2=" ">
      <subfield code="a">Séneca.</subfield>
    </datafield>
    <datafield tag="245" ind1=" " ind2=" ">
      <subfield code="a">Cartas a Lucilio, [selección]</subfield>
      <subfield code="b"> : [selección]</subfield>
      <subfield code="c"> / al cuidado de; Barbagelata. Aída A.</subfield>
    </datafield>
    <datafield tag="260" ind1=" " ind2=" ">
      <subfield code="a">Buenos Aires</subfield>
      <subfield code="b"> : Columba</subfield>
      <subfield code="c"> , c1973</subfield>
    </datafield>
    <datafield tag="300" ind1=" " ind2=" ">
      <subfield code="a">47 p. : </subfield>
    </datafield>
    <datafield tag="440" ind1=" " ind2=" ">
      <subfield code="a">Colección mar jónico</subfield>
      <subfield code="v">17</subfield>
    </datafield>
    <datafield tag="490" ind1=" " ind2=" ">
      <subfield code="a">Colección mar jónico</subfield>
      <subfield code="v">17</subfield>
    </datafield>
    <datafield tag="440" ind1=" " ind2=" ">
      <subfield code="v">17</subfield>
    </datafield>
    <datafield tag="490" ind1=" " ind2=" ">
      <subfield code="v">17</subfield>
    </datafield>
    <datafield tag="650" ind1=" " ind2=" ">
      <subfield code="a">LITERATURA LATINA</subfield>
    </datafield>
    <datafield tag="650" ind1=" " ind2=" ">
      <subfield code="a">LITERATURA EPISTOLAR</subfield>
    </datafield>
    <datafield tag="650" ind1=" " ind2=" ">
      <subfield code="a">DATOS AUTOBIOGRAFICOS</subfield>
    </datafield>
    <datafield tag="942" ind1=" " ind2=" ">
      <subfield code="c">BK</subfield>
    </datafield>
    <datafield tag="952" ind1=" " ind2=" ">
      <subfield code="a">BIB_RECT</subfield>
      <subfield code="b">BIB_UARG</subfield>
      <subfield code="d">2006-08-28</subfield>
      <subfield code="y">BK</subfield>
      <subfield code="p">05-05002</subfield>
      <subfield code="i">05-05002</subfield>
      <subfield code="g"/>
      <subfield code="o">F82(37) S475c</subfield>
      <subfield code="e"/>
      <subfield code="8">CG</subfield>
    </datafield>
    <datafield tag="952" ind1=" " ind2=" ">
      <subfield code="a">BIB_RECT</subfield>
      <subfield code="b">BIB_UARG</subfield>
      <subfield code="d">2006-08-28</subfield>
      <subfield code="y">BK</subfield>
      <subfield code="p">05-16952</subfield>
      <subfield code="i">05-16952</subfield>
      <subfield code="g"/>
      <subfield code="o">F82(37) S475c</subfield>
      <subfield code="e"/>
      <subfield code="8">CG</subfield>
    </datafield>
  </record>