
  <record>
    <leader>01000aam  22002601a 4500</leader>
    <controlfield tag="001">YPZ14817</controlfield>
    <controlfield tag="003">YPZ</controlfield>
    <controlfield tag="005">200608250958520</controlfield>
    <controlfield tag="008">060825|###########||||||b||||||||||spa|d</controlfield>
    <datafield tag="020" ind1=" " ind2=" ">
      <subfield code="a">9562960382</subfield>
    </datafield>
    <datafield tag="040" ind1=" " ind2=" ">
      <subfield code="c">SIUNPA</subfield>
    </datafield>
    <datafield tag="041" ind1=" " ind2=" ">
      <subfield code="a">spa</subfield>
    </datafield>
    <datafield tag="044" ind1=" " ind2=" ">
      <subfield code="a">CL</subfield>
    </datafield>
    <datafield tag="080" ind1=" " ind2=" ">
      <subfield code="a">581.9(83) F632f</subfield>
    </datafield>
    <datafield tag="245" ind1=" " ind2=" ">
      <subfield code="a">Flora de Chile</subfield>
      <subfield code="b"> : biología, farmacología y química</subfield>
      <subfield code="c"> / Muñoz, Orlando, ed. ; Fajardo, Victor, ed. ; Peña, Raúl C., ed. asociado ; Muñoz, Rodrigo, ed. gráf.</subfield>
    </datafield>
    <datafield tag="260" ind1=" " ind2=" ">
      <subfield code="a">Santiago de Chile</subfield>
      <subfield code="a">Punta Arenas</subfield>
      <subfield code="a">Valparaíso</subfield>
      <subfield code="b"> : Universidad de Chile</subfield>
      <subfield code="b"> : Universidad de Magallanes</subfield>
      <subfield code="b"> : Universidad de Playa Ancha</subfield>
      <subfield code="c"> , 2005</subfield>
    </datafield>
    <datafield tag="650" ind1=" " ind2=" ">
      <subfield code="a"> FLORA SILVESTRE</subfield>
    </datafield>
    <datafield tag="650" ind1=" " ind2=" ">
      <subfield code="a"> PLANTAS MEDICINALES</subfield>
    </datafield>
    <datafield tag="650" ind1=" " ind2=" ">
      <subfield code="a"> CHILE</subfield>
    </datafield>
    <datafield tag="942" ind1=" " ind2=" ">
      <subfield code="c">BK</subfield>
    </datafield>
    <datafield tag="952" ind1=" " ind2=" ">
      <subfield code="a">BIB_RECT</subfield>
      <subfield code="b">BIB_UARG</subfield>
      <subfield code="d">2006-06-05</subfield>
      <subfield code="y">BK</subfield>
      <subfield code="p">05-30461</subfield>
      <subfield code="i">05-30461</subfield>
      <subfield code="g">50</subfield>
      <subfield code="o">581.9(83) F632f</subfield>
      <subfield code="e">Donación UMAG</subfield>
      <subfield code="8">CG</subfield>
    </datafield>
  </record>